<record><leader>00000cas a22000007a 4500</leader><controlfield tag="001">18235399</controlfield><controlfield tag="008">880719d197719uumsuwr ne      0    0eng d</controlfield><datafield ind1=" " ind2=" " tag="010"><subfield code="a">sn 88067184 </subfield></datafield><datafield ind1=" " ind2=" " tag="040"><subfield code="a">MSJ</subfield><subfield code="b">eng</subfield><subfield code="c">MSJ</subfield><subfield code="d">OCL</subfield><subfield code="d">OCLCQ</subfield></datafield><datafield ind1=" " ind2=" " tag="042"><subfield code="a">msc</subfield></datafield><datafield ind1="0" ind2="0" tag="245"><subfield code="a">Walnut-Middleton times journal.</subfield></datafield><datafield ind1="3" ind2="0" tag="246"><subfield code="a">Walnut Middleton journal</subfield></datafield><datafield ind1=" " ind2=" " tag="260"><subfield code="a">Walnut, Miss. :</subfield><subfield code="b">Joe Miller,</subfield><subfield code="c">1977-</subfield></datafield><datafield ind1=" " ind2=" " tag="310"><subfield code="a">Weekly</subfield></datafield><datafield ind1="0" ind2=" " tag="362"><subfield code="a">Vol. 1, no. 1 (July 14, 1977)-</subfield></datafield><datafield ind1=" " ind2=" " tag="500"><subfield code="a">Sometimes published as: Walnut Middleton journal.</subfield></datafield><datafield ind1=" " ind2=" " tag="515"><subfield code="a">Numbering is irregular.</subfield></datafield><datafield ind1=" " ind2=" " tag="752"><subfield code="a">United States</subfield><subfield code="b">Mississippi</subfield><subfield code="c">Tippah</subfield><subfield code="d">Walnut.</subfield></datafield><datafield ind1="0" ind2="0" tag="780"><subfield code="t">Walnut Middleton journal</subfield><subfield code="w">(OCoLC)18235449</subfield></datafield></record>